@misc{class1,
   author = "Andrew Ng",
   title = "An Application of Supervised Learning - Autonomous Deriving      ",
   note = "https://see.stanford.edu/Course/CS229/54"
} 

@misc{class2,
   author = "Andrew Ng",
   title = "The Concept of Unsupervised Learning, K-means Clustering Algorithm, K-means Algorithm",
   note = "https://see.stanford.edu/Course/CS229/43"
} 

