@misc{ wiki:001,
   author = "Wikipedia",
   title = "Bollinger Bands --- Wikipedia{,} The Free Encyclopedia",
   year = "2015",
   url = "https://en.wikipedia.org/w/index.php?title=Bollinger_Bands&oldid=687543118",
   note = "[Online; accessed 23-January-2016]"
 }
 
@misc{ wiki:002,
   author = "Michael Hentrich",
   title = "Methodology and Coronary Artery Disease Cure",
   year = "2015",
   url = "https://www.researchgate.net/publication/281017979_Methodology_and_Coronary_Artery_Disease_Cure",
   note = "[Online]"
 }
 
@misc{ wiki:003,
   author = "Wikipedia",
   title = "Artificial neural network --- Wikipedia{,} The Free Encyclopedia",
   year = "2016",
   url = "https://en.wikipedia.org/w/index.php?title=Artificial_neural_network&oldid=701051026",
   note = "[Online; accessed 23-January-2016]"
 }