@misc{wiki:xxx,
   author = "Wikipedia",
   title = "International Conference on Machine Learning --- Wikipedia{,} The Free Encyclopedia",
   year = "2015",
   url = "https://en.wikipedia.org/w/index.php?title=International_Conference_on_Machine_Learning&oldid=679610699",
   note = "[Online; accessed 18-November-2015]"
 }