@misc{wiki:1,
   author = "Qian, Bo; Rasheed, Khaled",
   title = "HURST EXPONENT AND FINANCIAL MARKET PREDICTABILITY",
   year = "2004",
   url = "https://en.wikipedia.org/w/index.php?title=International_Conference_on_Machine_Learning&oldid=679610699",
   note = "IASTED conference on Financial Engineering and Applications"
 }